@article{DBLP:journals/corr/abs-1810-04805,
  author       = {Jacob Devlin and
                  Ming{-}Wei Chang and
                  Kenton Lee and
                  Kristina Toutanova},
  title        = {{BERT:} Pre-training of Deep Bidirectional Transformers for Language
                  Understanding},
  journal      = {CoRR},
  volume       = {abs/1810.04805},
  year         = {2018},
  url          = {http://arxiv.org/abs/1810.04805},
  eprinttype    = {arXiv},
  eprint       = {1810.04805},
  timestamp    = {Tue, 30 Oct 2018 20:39:56 +0100},
  biburl       = {https://dblp.org/rec/journals/corr/abs-1810-04805.bib},
  bibsource    = {dblp computer science bibliography, https://dblp.org}
}

@inproceedings{pang-etal-2002-thumbs,
    title = "Thumbs up? Sentiment Classification using Machine Learning Techniques",
    author = "Pang, Bo  and
      Lee, Lillian  and
      Vaithyanathan, Shivakumar",
    booktitle = "Proceedings of the 2002 Conference on Empirical Methods in Natural Language Processing ({EMNLP} 2002)",
    month = jul,
    year = "2002",
    publisher = "Association for Computational Linguistics",
    url = "https://aclanthology.org/W02-1011/",
    doi = "10.3115/1118693.1118704",
    pages = "79--86"
}

@article{article,
author = {M., Bhumika and B., Vimalkumar},
year = {2016},
month = {07},
pages = {26-30},
title = {Sentiment Analysis using Support Vector Machine based on Feature Selection and Semantic Analysis},
volume = {146},
journal = {International Journal of Computer Applications},
doi = {10.5120/ijca2016910921}
}

@article{dey2016sentiment,
  title={Sentiment analysis of review datasets using naive bayes and k-nn classifier},
  author={Dey, Lopamudra and Chakraborty, Sanjay and Biswas, Anuraag and Bose, Beepa and Tiwari, Sweta},
  journal={arXiv preprint arXiv:1610.09982},
  year={2016}
}